<?xml version="1.0" encoding="UTF-8"?><collection xmlns="http://www.loc.gov/MARC21/slim"><record><leader>00552nam--2200145-i-4500</leader><controlfield tag="001">000023939</controlfield><controlfield tag="002">20161230</controlfield><controlfield tag="005">20161230201035</controlfield><controlfield tag="008">060222s1000------------r-----000-0-eng-d</controlfield><datafield ind1=" " ind2=" " tag="080"><subfield code="a">577.11:577.112.6(061.3)</subfield></datafield><datafield ind1=" " ind2=" " tag="245"><subfield code="a">Hydrogels for medical and related applications. a symposium sponseored by the division of polymer chemistry, inc.at the 170th meeting of the american chemical society, chicago ill., aug.27-28, 1975</subfield></datafield><datafield ind1=" " ind2=" " tag="260"><subfield code="a">Washington, A.C.S., 1976, Vii + 359 P</subfield></datafield><datafield ind1=" " ind2=" " tag="490"><subfield code="a">A.C.S.Symposium Series</subfield></datafield><datafield ind1=" " ind2=" " tag="700"><subfield code="a">Andrade, Joseph D</subfield></datafield><datafield ind1=" " ind2=" " tag="852"><subfield code="a">47024</subfield></datafield></record></collection>